@online{becker1844,
  title = {Das Lowerkase},
  author = {Becker, August},
  year = {1844},
}

@online{blanc1851,
  title = {Das Smallkaps},
  author = {Blanc, Louis},
  year = {1851},
}

@online{marx1875,
  title = {Das Kapital},
  author = {Marx, Karl},
  year = {1875},
}
